<record><leader>00000cas a22000007a 4500</leader><controlfield tag="001">11065069</controlfield><controlfield tag="008">840817d1868187uinuwr ne      0    0eng d</controlfield><datafield ind1=" " ind2=" " tag="010"><subfield code="a">sn 84027385 </subfield></datafield><datafield ind1=" " ind2=" " tag="040"><subfield code="a">NPU</subfield><subfield code="b">eng</subfield><subfield code="c">NPU</subfield><subfield code="d">NPX</subfield><subfield code="d">NPU</subfield><subfield code="d">NPI</subfield><subfield code="d">DLC</subfield><subfield code="d">NPI</subfield><subfield code="d">OCLCQ</subfield></datafield><datafield ind1=" " ind2=" " tag="042"><subfield code="a">msc</subfield></datafield><datafield ind1="0" ind2=" " tag="130"><subfield code="a">Greensburg standard (Greensburg, Ind. : 1868)</subfield></datafield><datafield ind1="1" ind2="0" tag="245"><subfield code="a">Greensburg standard.</subfield></datafield><datafield ind1=" " ind2=" " tag="260"><subfield code="a">Greensburg, Ind. :</subfield><subfield code="b">J.J. Hazelrigg,</subfield><subfield code="c">1868-</subfield></datafield><datafield ind1=" " ind2=" " tag="300"><subfield code="a">v. :</subfield><subfield code="b">ill. (chiefly advertisements) ;</subfield><subfield code="c">51-66 cm.</subfield></datafield><datafield ind1=" " ind2=" " tag="310"><subfield code="a">Weekly</subfield></datafield><datafield ind1="0" ind2=" " tag="362"><subfield code="a">New ser., v. 1, no. 1 (Mar. 26, 1868)-new ser., v. 3, no. 52 (Dec. 29, 1870) ; v. 36, no. 1 (Jan. 5, 1871)-</subfield></datafield><datafield ind1=" " ind2=" " tag="500"><subfield code="a">Republican.</subfield></datafield><datafield ind1=" " ind2=" " tag="588"><subfield code="a">Latest issue consulted: Vol. 37, no. 52 (Dec. 26, 1872)</subfield></datafield><datafield ind1=" " ind2=" " tag="752"><subfield code="a">United States</subfield><subfield code="b">Indiana</subfield><subfield code="c">Decatur</subfield><subfield code="d">Greensburg.</subfield></datafield><datafield ind1="0" ind2="0" tag="780"><subfield code="t">Greensburg weekly chronicle</subfield><subfield code="w">(DLC)sn 85047777</subfield></datafield><datafield ind1="0" ind2="0" tag="785"><subfield code="t">Standard (Greensburg, Ind.)</subfield><subfield code="w">(DLC)sn 84023939</subfield></datafield></record>